@article{rastgoo2015automatic,
  title={Automatic differentiation of melanoma from dysplastic nevi},
  author={Rastgoo, Mojdeh and Garcia, Rafael and Morel, Olivier and Marzani, Franck},
  journal={Computerized Medical Imaging and Graphics},
  volume={43},
  pages={44--52},
  year={2015},
  publisher={Elsevier},
  keywords={JCRjournal}
}


@article{sidibe2017anomaly,
  title={An anomaly detection approach for the identification of DME patients using spectral domain optical coherence tomography images},
  author={Sidib{\'e}, D{\'e}sir{\'e} and Sankar, Shrinivasan and Lema{\^\i}tre, Guillaume and Rastgoo, Mojdeh and Massich, Joan and Cheung, Carol Y and Tan, Gavin SW and Milea, Dan and Lamoureux, Ecosse and Wong, Tien Y and others},
  journal={Computer Methods and Programs in Biomedicine},
  volume={139},
  pages={109--117},
  year={2017},
  publisher={Elsevier},
  keywords={JCRjournal}
}


@article{lemaitre2016classification,
  title={Classification of SD-OCT Volumes using Local Binary Patterns: Experimental Validation for DME Detection},
  author={Lema{\i}tre, Guillaume and Rastgoo, Mojdeh and Massich, Joan and Cheung, Carol Y and Wong, Tien Y and Lamoureux, Ecosse and Milea, Dan and M{\'e}riaudeau, Fabrice and Sidib{\'e}, D{\'e}sir{\'e}},
  journal={Journal of Ophthalmology},
  volume={2016},
  year={2016},
  keywords={JCRjournal}
}


@inproceedings{rastgo2016classification,
  title={Classification of melanoma lesions using sparse coded features and random forests},
  author={Rastgo, Mojdeh and Lemaitre, Guillaume and Morel, Olivier and Massich, Joan and Garcia, Rafael and Meriaudeau, Fabrice and Marzani, Franck and Sidib{\'e}, D{\'e}sir{\'e}},
  booktitle={SPIE Medical Imaging},
  pages={97850C--97850C},
  year={2016},
  organization={International Society for Optics and Photonics},
  keywords={conference}
}

@inproceedings{rastgoo2016tackling,
  title={Tackling the Problem of Data Imbalancing for Melanoma Classification},
  author={Rastgoo, Mojdeh and Lemaitre, Guillaume and Massich, Joan and Morel, Olivier and Marzani, Franck and Garcia, Rafael and Meriaudeau, Fabrice},
  booktitle={Bioimaging},
  year={2016},
  keywords={conference}
}


@inproceedings{rastgoo2015ensemble,
  title={Ensemble approach for differentiation of malignant melanoma},
  author={Rastgoo, Mojdeh and Morel, Olivier and Marzani, Franck and Garcia, Rafael},
  booktitle={The International Conference on Quality Control by Artificial Vision},
  pages={953415--953415},
  year={2015},
  keywords={conference}
}

@inproceedings{sidibe2016spatio,
  title={On Spatio-Temporal Saliency Detection in Videos using Multilinear PCA},
  author={Sidib{\'e}, D{\'e}sir{\'e} and Rastgoo, Mojdeh and M{\'e}riaudeau, Fabrice},
  booktitle={International Conference on Pattern Recognition},
  year={2016},
  keywords={conference}

}

@inproceedings{massich2016classifying,
  title={Classifying DME vs Normal SD-OCT volumes: A review},
  author={Massich, Joan and Rastgoo, Mojdeh and Lema{\^\i}tre, Guillaume and Cheung, Carol and Wong, Tien and Sidib{\'e}, D{\'e}sir{\'e} and M{\'e}riaudeau, Fabrice},
  booktitle={23rd International Conference on Pattern Recognition},
  year={2016},
  keywords={conference}
}

@inproceedings{alsaih2016classification,
  title={Classification of SD-OCT volumes with multi pyramids, LBP and HOG descriptors: application to DME detections},
  author={Alsaih, Khaled and Lema{\^\i}tre, Guillaume and Vall, Joan Massich and Rastgoo, Mojdeh and Sidib{\'e}, D{\'e}sir{\'e} and Wong, Tien Y and Lamoureux, Ecosse and Milea, Dan and Cheung, Carol Y and M{\'e}riaudeau, Fabrice},
  booktitle={38th IEEE Engineering in Medicine and Biology Society (EMBC)},
  year={2016},
  keywords={conference}
}

@inproceedings{lemaitre2016normalization,
  title={Normalization of T2W-MRI prostate images using Rician a priori},
  author={Lemaitre, Guillaume and Rastgoo, Mojdeh and Massich, Joan and Vilanova, Joan and Walker, Paul and Freixenet, Jordi and Meyer-Baese, Anke and Meriaudeau, Fabrice and Marti, Robert},
  booktitle={SPIE Medical Imaging},
  year={2016},
  organization={SPIE},
  keywords={conference}
}


@inproceedings{lemaitre2015classification,
  title={Classification of SD-OCT Volumes with LBP: Application to DME Detection},
  author={Lema{\^\i}tre, Guillaume and Rastgoo, Mojdeh and Massich, Joan and Sankar, Shrinivasan and M{\'e}riaudeau, Fabrice and Sidib{\'e}, D{\'e}sir{\'e}},
  year={2015},
  keywords={conference}
}

@inproceedings{massich2015optimization,
  title={An optimization approach to segment breast lesions in ultra-sound images using clinically validated visual cues},
  author={Massich, Joan and Lemaitre, Guillaume and Rastgoo, Mojdeh and Meyer-Baese, Anke and Mart{\'\i}, Joan and M{\'e}riaudeau, Fabrice},
  booktitle={Breast Image Analysis Workshop (BIA), Medical Image Computing and Computer Assisted Interventions (MICCAI)},
  year={2015},
  keywords={conference}
}


@inproceedings{casale2012enhancing,
  title={Enhancing user experience with brain-computer-interfaces in smart home environments},
  author={Casale, Pierluigi and Fern'ndez, Juan Manuel and Palou, Xavier Rafael and Torrellas, Sergi and Ratsgoo, Mojdeh and Miralles, Felip},
  booktitle={2012 8th International Conference on Intelligent Environments (IE)},
  pages={307--310},
  year={2012},
  organization={IEEE},
  keywords={conference}
}

@inproceedings{rastgoo2012pruning,
  title={Pruning adaboost for continuous sensors mining applications},
  author={Rastgoo, Mojdeh and Lemaitre, Guillaume and Palou, X Rafael and Miralles, Felip and Casale, Pierluigi},
  booktitle={Workshop on Ubiquitous Data Mining},
  pages={53},
  year={2012},
  keywords={conference}
}

